
@article{ml_paper1,
  author = {Elena Quatrini and Francesco Costantino and Giulio Di Gravio and Riccardo Patriarca},
  title = {Machine learning for anomaly detection and process phase classification to improve safety and maintenance activities},
  journal = {Department of Mechanical and Aerospace Engineering, University of Rome "La Sapienza"},
  address = {Via Eudossiana, 18, 00184 Rome, Italy},
}

@article{paper2,
  author = {L. Jie and W. Peng and J. Dexun and N. Jun and Z. Weiyu},
  title = {An integrated data-driven framework for surface water quality anomaly detection and early warning},
  journal = {Journal of Cleaner Production},
  volume = {251},
  year = {2020},
}



@inproceedings{paper3,
  author = {S. Guha and N. Mishra and G. Roy and O. Schrijvers},
  title = {Robust random cut forest based anomaly detection on streams},
  booktitle = {International conference on machine learning},
  pages = {2712-2721},
  year = {2016},
}

@article{paper4,
  author = {M. M. Breunig and H.-P. Kriegel and R. T. Ng and J. Sander},
  title = {LOF: Identifying Density-Based Local Outliers},
  journal = {Association for Computing Machinery},
  pages = {93-104},
  year = {2000},
}

@article{paper5,
  author = {V. Chandola and A. Banerjee and V. Kumar},
  title = {Anomaly Detection: A Survey},
  journal = {ACM Comput Surv},
  volume = {41},
  year = {2009},
  doi = {10.1145/1541880.1541882},
}

@article{paper6,
  author = {H. Sahand and C. K. Matias and R. Brunner},
  title = {Extended Isolation Forest},
  journal = {IEEE Transactions on Knowledge and Data Engineering},
  pages = {1-1},
  year = {2019},
}

@article{paper7,
  author = {M. Nahshon and W. M. Ciira and K. Henry},
  title = {A Raw Water Quality Monitoring System using Wireless Sensor Networks},
  journal = {International Journal of Computer Applications},
  volume = {174},
  number = {21},
  pages = {35-42},
  year = {2021},
}
